<?xml version="1.0" encoding="UTF-8"?><collection xmlns="http://www.loc.gov/MARC21/slim"><record><leader>00524nam--2200193-i-4500</leader><controlfield tag="001">000050267</controlfield><controlfield tag="002">20161230</controlfield><controlfield tag="005">20161230201048</controlfield><controlfield tag="008">060222s1000------------r-----000-0-rus-d</controlfield><datafield ind1=" " ind2=" " tag="040"><subfield code="a">IFIN-HH</subfield></datafield><datafield ind1=" " ind2=" " tag="041"><subfield code="a">rus</subfield></datafield><datafield ind1=" " ind2=" " tag="080"><subfield code="a">538.971:537.311.322</subfield></datafield><datafield ind1="1" ind2=" " tag="100"><subfield code="a">Baru, V.G</subfield></datafield><datafield ind1="1" ind2="0" tag="245"><subfield code="a">Vliianie oblucheniia na poverhnostnye svoistva poluprovodnikov</subfield><subfield code="c">V.g. baru; f.f. volkenshtein</subfield></datafield><datafield ind1=" " ind2=" " tag="260"><subfield code="a">Moskva</subfield><subfield code="b">Nauka</subfield><subfield code="c">1978</subfield></datafield><datafield ind1=" " ind2=" " tag="300"><subfield code="a">288P</subfield></datafield><datafield ind1="1" ind2=" " tag="700"><subfield code="a">Volkenshtein, F.F</subfield></datafield><datafield ind1=" " ind2=" " tag="852"><subfield code="a">47249</subfield><subfield code="c">537:538</subfield></datafield><datafield ind1=" " ind2=" " tag="CAT"><subfield code="a">Sys</subfield><subfield code="c">20110623</subfield><subfield code="h">122432</subfield></datafield></record></collection>